<?xml version="1.0" encoding="UTF-8"?><record xmlns="http://www.loc.gov/MARC21/slim" xmlns:cinclude="http://apache.org/cocoon/include/1.0" xmlns:zs="http://www.loc.gov/zing/srw/">
  <leader>00643nz  a2200157n  4500</leader>
  <controlfield tag="001">no2004049223</controlfield>
  <controlfield tag="003">DLC</controlfield>
  <controlfield tag="005">20040522071049.0</controlfield>
  <controlfield tag="008">040521n| acannaabn          |a ana     c</controlfield>
  <datafield tag="010" ind1=" " ind2=" ">
    <subfield code="a">no2004049223</subfield>
  </datafield>
  <datafield tag="035" ind1=" " ind2=" ">
    <subfield code="a">(OCoLC)oca06353029</subfield>
  </datafield>
  <datafield tag="040" ind1=" " ind2=" ">
    <subfield code="a">PSt</subfield>
    <subfield code="b">eng</subfield>
    <subfield code="c">PSt</subfield>
  </datafield>
  <datafield tag="110" ind1="2" ind2=" ">
    <subfield code="a">Art &amp; Idea (Firm)</subfield>
  </datafield>
  <datafield tag="410" ind1="2" ind2=" ">
    <subfield code="a">Art and Idea (Firm)</subfield>
  </datafield>
  <datafield tag="670" ind1=" " ind2=" ">
    <subfield code="a">Building an island, c2003:</subfield>
    <subfield code="b">t.p. (Art &amp; Idea, exhibitions publications special projects)</subfield>
  </datafield>
  <datafield tag="670" ind1=" " ind2=" ">
    <subfield code="a">Art &amp; Idea WWW home page, May 18, 2004</subfield>
    <subfield code="b">(Art &amp; Idea is a not-for-profit institution dedicated to promoting and facilitating a cultural dialogue by organizing contemporary arts programs of international scope)</subfield>
  </datafield>
</record>